<?xml version='1.0' encoding='UTF-8'?>
<record xmlns="http://www.loc.gov/MARC21/slim">
  <leader>01982cam a2200373 a 4500</leader>
  <controlfield tag="001">498041</controlfield>
  <controlfield tag="003">NjP</controlfield>
  <controlfield tag="005">20170905102935.0</controlfield>
  <controlfield tag="008">890308m19889999ir a     b    000 0 ara d</controlfield>
  <datafield tag="024" ind1="7" ind2=" ">
    <subfield code="a">princeton_aco001825</subfield>
    <subfield code="2">local</subfield>
  </datafield>
  <datafield ind1=" " ind2=" " tag="035">
    <subfield code="a">(OCoLC)ocn175717057</subfield>
  </datafield>
  <datafield ind1=" " ind2=" " tag="035">
    <subfield code="a">498041</subfield>
  </datafield>
  <datafield ind1=" " ind2=" " tag="040">
    <subfield code="a">NjP</subfield>
    <subfield code="c">PUL</subfield>
    <subfield code="d">PUL</subfield>
  </datafield>
  <datafield ind1=" " ind2=" " tag="035">
    <subfield code="a">(OCoLC)175717057</subfield>
  </datafield>
  <datafield ind1=" " ind2=" " tag="035">
    <subfield code="a">(CStRLIN)NJPG89-B11538</subfield>
  </datafield>
  <datafield ind1=" " ind2=" " tag="035">
    <subfield code="9">ACH3805TS</subfield>
  </datafield>
  <datafield ind1=" " ind2=" " tag="035">
    <subfield code="a">(NjP)498041</subfield>
  </datafield>
  <datafield ind1=" " ind2=" " tag="079">
    <subfield code="a">ocm25521604</subfield>
  </datafield>
  <datafield ind1=" " ind2=" " tag="049">
    <subfield code="a">PULL</subfield>
  </datafield>
  <datafield ind1="1" ind2=" " tag="100">
    <subfield code="6">880-01</subfield>
    <subfield code="a">Yūsufī, al-Ḥasan ibn Abī Ṭālib,</subfield>
    <subfield code="d">active 13th century.</subfield>
    <subfield code="0">http://id.loc.gov/authorities/names/nr92009847</subfield>
  </datafield>
  <datafield ind1="1" ind2="0" tag="245">
    <subfield code="6">880-02</subfield>
    <subfield code="a">Kashf al-rumūz fī sharḥ al-Mukhtaṣar al-nāfiʻ /</subfield>
    <subfield code="c">taʼlīf Zayn al-Dīn Abī ʻAlī al-Ḥasan ibn Abī Ṭālib ibn Abī al-Majd al-Yūsufī al-maʻrūf bi-al-Fāḍil wa-al-Muḥaqqiq al-Ābī.</subfield>
  </datafield>
  <datafield ind1=" " ind2=" " tag="260">
    <subfield code="6">880-03</subfield>
    <subfield code="a">Qum :</subfield>
    <subfield code="b">Muʼassasat al-Nashr al-Islāmī,</subfield>
    <subfield code="c">1408- [1988- ]</subfield>
  </datafield>
  <datafield ind1=" " ind2=" " tag="300">
    <subfield code="a">v. :</subfield>
    <subfield code="b">ill. ;</subfield>
    <subfield code="c">25 cm.</subfield>
  </datafield>
  <datafield ind1=" " ind2=" " tag="500">
    <subfield code="a">"459-460."</subfield>
  </datafield>
  <datafield ind1=" " ind2=" " tag="504">
    <subfield code="a">Includes bibliographical references.</subfield>
  </datafield>
  <datafield ind1="1" ind2="0" tag="600">
    <subfield code="6">880-04</subfield>
    <subfield code="a">Muḥaqqiq al-Ḥillī, Jaʻfar ibn al-Ḥasan,</subfield>
    <subfield code="d">1205 or 1206-1277.</subfield>
    <subfield code="t">Mukhtaṣar al-nāfiʻ.</subfield>
  </datafield>
  <datafield ind1=" " ind2="0" tag="650">
    <subfield code="a">Islamic law</subfield>
    <subfield code="x">Interpretation and construction</subfield>
    <subfield code="x">Early works to 1800.</subfield>
    <subfield code="0">http://id.loc.gov/authorities/subjects/sh2008104962</subfield>
  </datafield>
  <datafield ind1="1" ind2=" " tag="880">
    <subfield code="6">100-01/r</subfield>
    <subfield code="a">يوسفي، الحسن بن ابي طالب،</subfield>
    <subfield code="d">active 13th century.</subfield>
  </datafield>
  <datafield ind1="1" ind2="0" tag="880">
    <subfield code="6">245-02/r</subfield>
    <subfield code="a">كشف الرموز في شرح المختصر النافع /</subfield>
    <subfield code="c">تأليف زين الدين ابي علي الحسن بن ابي طالب بن ابي المجد اليوسفي المعروف بالفاضل والمحقق الابي.</subfield>
  </datafield>
  <datafield ind1=" " ind2=" " tag="880">
    <subfield code="6">260-03/r</subfield>
    <subfield code="a">قم :</subfield>
    <subfield code="b">مؤسسة النشر الاسلامي،</subfield>
    <subfield code="c">1408- [1988- ]</subfield>
  </datafield>
  <datafield ind1="1" ind2="4" tag="880">
    <subfield code="6">600-04/r</subfield>
    <subfield code="a">محقق الحلي، جعفر بن الحسن،</subfield>
    <subfield code="d">1205 or 1206-1277.</subfield>
    <subfield code="t">مختصر النافع.</subfield>
  </datafield>
  <datafield ind1=" " ind2=" " tag="998">
    <subfield code="a">06/20/94</subfield>
    <subfield code="s">9118</subfield>
    <subfield code="n">NjP</subfield>
    <subfield code="w">NJPG89B11538</subfield>
    <subfield code="d">03/08/89</subfield>
    <subfield code="c">JEB</subfield>
    <subfield code="b">JAB</subfield>
    <subfield code="i">940620</subfield>
    <subfield code="l">NJPG</subfield>
  </datafield>
  <datafield ind1=" " ind2=" " tag="911">
    <subfield code="a">19940707</subfield>
  </datafield>
  <datafield ind1=" " ind2=" " tag="912">
    <subfield code="a">19940620000000.0</subfield>
  </datafield>
  <datafield ind1=" " ind2=" " tag="994">
    <subfield code="a">C0</subfield>
    <subfield code="b">PUL</subfield>
  </datafield>
  <datafield ind1=" " ind2=" " tag="999">
    <subfield code="a">498041</subfield>
  </datafield>
  <datafield ind1="0" ind2="1" tag="852">
    <subfield code="0">541660</subfield>
    <subfield code="b">nec</subfield>
    <subfield code="t">1</subfield>
    <subfield code="h">KBP370.M84</subfield>
    <subfield code="i">A36 1988</subfield>
  </datafield>
  <datafield ind1=" " ind2="0" tag="866">
    <subfield code="0">541660</subfield>
    <subfield code="6">0</subfield>
    <subfield code="a">juzʾ 1-2</subfield>
  </datafield>
  <datafield ind1=" " ind2=" " tag="959">
    <subfield code="a">2000-06-13 00:00:00 -0500</subfield>
  </datafield>
</record>
